@article{Keshav,
    author = {The Chemical Workshop},
    title = {Taser / High Voltage / Stun Gun / Shock },
    journal = {},
    issue_date = {},
    volume = {},
    number = {},
    year = {},
    issn = {0146-4833},
    pages = {},
    numpages = {},
    url = {http://doi.acm.org/10.1145/1273445.1273458},
    doi = {10.1145/1273445.1273458},
    acmid = {1273458},
    publisher = {ACM},
    address = {New York, NY, USA},
    keywords = {hints, paper, reading},
} 
